@mastersthesis{ref:Kobayashi2021AGV,
  author  = {小林 拓也},
  title   = {{AGV} による作物の生育状況観察システムに関する研究},
  school  = {信州大学大学院総合理工学研究科},
  year    = {2021},
  type    = {修士学位論文},
  month   = {3}
}

@misc{ref:roudou,
  author       = {農林水産省},
  title        = {{農業労働力に関する統計}},
  howpublished = {\url{https://www.maff.go.jp/j/tokei/sihyo/data/08.html}},
  month        = {},
  year         = {},
  note         = {(Accessed on 16/6/2025)}
}

@misc{ref:nourin,
  author       = {農林水産省},
  title        = {{スマート農業の展開について}},
  howpublished = {\url{https://www.soumu.go.jp/main_content/000775128.pdf}},
  month        = {},
  year         = {},
  note         = {(Accessed on 16/6/2025)}
}

@misc{ref:nou_data,
  author       = {農林水産省},
  title        = {{農業データの利活用の推進について}},
  howpublished = {\url{https://www.maff.go.jp/j/kanbo/smart/attach/pdf/index-146.pdf}},
  month        = {},
  year         = {},
  note         = {(Accessed on 16/6/2025)}
}

@misc{ref:stm32h723zg,
  author       = { STMicroelectronics},
  title        = {{stm32h723zg datasheet}},
  howpublished = {\url{https://www.st.com/resource/en/datasheet/stm32h723zg.pdf}},
  month        = {},
  year         = {},
  note         = {(Accessed on 10/9/2025)}
}

@misc{ref:C12880MA,
  author       = { Hamamatsu-Photonics},
  title        = {{Mini-spectrometers}},
  howpublished = {\url{https://www.hamamatsu.com/content/dam/hamamatsu-photonics/sites/documents/99_SALES_LIBRARY/ssd/c12880ma_c16767ma_kacc1226e.pdf}},
  month        = {},
  year         = {},
  note         = {(Accessed on 10/9/2025)}
}
#

@article{ref:Xu2020FASTLIOAF,
  title={FAST-LIO: A Fast, Robust LiDAR-Inertial Odometry Package by Tightly-Coupled Iterated Kalman Filter},
  author={Wei Xu and Fu Zhang},
  journal={IEEE Robotics and Automation Letters},
  year={2020},
  volume={6},
  pages={3317-3324},
  url={https://api.semanticscholar.org/CorpusID:223953478}
}

    
@inproceedings{ref:xu2024development,
  author    = {許鵬飛，小林拓也，河村隆},
  title     = {{AGVの自動走行のための直接接触を用いた地図修正手法の開発と評価}},
  booktitle = {ロボティクス・メカトロニクス講演会2024予稿集 (Robotics and Mechatronics Conference 2024 Proceedings)},
  year      = {2024},
  pages     = {1P1-K04}
}


@inproceedings{ref:liosam2020shan,
  title={LIO-SAM: Tightly-coupled Lidar Inertial Odometry via Smoothing and Mapping},
  author={Shan, Tixiao and Englot, Brendan and Meyers, Drew and Wang, Wei and Ratti, Carlo and Rus Daniela},
  booktitle={IEEE/RSJ International Conference on Intelligent Robots and Systems (IROS)},
  pages={5135-5142},
  year={2020},
  organization={IEEE}
}

@article{ref:Xu2020FASTLIOAF,
  title={FAST-LIO: A Fast, Robust LiDAR-Inertial Odometry Package by Tightly-Coupled Iterated Kalman Filter},
  author={Wei Xu and Fu Zhang},
  journal={IEEE Robotics and Automation Letters},
  year={2020},
  volume={6},
  pages={3317-3324},
  url={https://api.semanticscholar.org/CorpusID:223953478}
}

@article{ref:2018rtabmap,
  title={{RTAB-Map as an Open-Source Lidar and Visual SLAM Library for Large-Scale and Long-Term Online Operation}},
  author={Labb{\'e}, M. and Michaud, F.},
  journal={Journal of Field Robotics},
  volume={36},
  number={2},
  pages={416--446},
  year={2018},
  doi={10.1002/rob.21831},
  eprint={1809.05952},
  url={https://onlinelibrary.wiley.com/doi/abs/10.1002/rob.21831}
}

@article{ref:Xu2020FASTLIOAF,
  title={FAST-LIO: A Fast, Robust LiDAR-Inertial Odometry Package by Tightly-Coupled Iterated Kalman Filter},
  author={Wei Xu and Fu Zhang},
  journal={IEEE Robotics and Automation Letters},
  year={2021},
  volume={6},
  pages={3317-3324},
  url={https://api.semanticscholar.org/CorpusID:223953478}
}